<record><leader>00000cas a2200000 i 4500</leader><controlfield tag="001">13640210</controlfield><controlfield tag="008">860523d19192001scuwr ne      0   a0eng c</controlfield><datafield ind1=" " ind2=" " tag="010"><subfield code="a">sn 86063761 </subfield></datafield><datafield ind1=" " ind2=" " tag="040"><subfield code="a">KSH</subfield><subfield code="b">eng</subfield><subfield code="e">rda</subfield><subfield code="c">KSH</subfield><subfield code="d">NPT</subfield><subfield code="d">SVN</subfield><subfield code="d">OCLCQ</subfield><subfield code="d">SUC</subfield><subfield code="d">OCLCQ</subfield><subfield code="d">OCLCF</subfield><subfield code="d">DLC</subfield><subfield code="d">SUC</subfield><subfield code="d">OCL</subfield></datafield><datafield ind1="0" ind2=" " tag="022"><subfield code="a">2379-612X</subfield><subfield code="2">1</subfield></datafield><datafield ind1=" " ind2=" " tag="042"><subfield code="a">msc</subfield><subfield code="a">nsdp</subfield></datafield><datafield ind1=" " ind2=" " tag="043"><subfield code="a">n-us-sc</subfield></datafield><datafield ind1="0" ind2="0" tag="050"><subfield code="a">Newspaper</subfield></datafield><datafield ind1="0" ind2="0" tag="082"><subfield code="a">071</subfield><subfield code="2">23</subfield></datafield><datafield ind1="0" ind2=" " tag="130"><subfield code="a">Dispatch-news (Lexington, S.C.)</subfield></datafield><datafield ind1=" " ind2="4" tag="222"><subfield code="a">The dispatch-news</subfield><subfield code="b">(Lexington, S.C. Print)</subfield></datafield><datafield ind1="1" ind2="4" tag="245"><subfield code="a">The dispatch-news.</subfield></datafield><datafield ind1=" " ind2="1" tag="264"><subfield code="a">Lexington, S.C. :</subfield><subfield code="b">Sligh &amp; Walker</subfield></datafield><datafield ind1=" " ind2=" " tag="300"><subfield code="a">volumes ;</subfield><subfield code="c">56 cm</subfield></datafield><datafield ind1=" " ind2=" " tag="310"><subfield code="a">Weekly</subfield></datafield><datafield ind1=" " ind2=" " tag="336"><subfield code="a">text</subfield><subfield code="2">rdacontent</subfield></datafield><datafield ind1=" " ind2=" " tag="337"><subfield code="a">unmediated</subfield><subfield code="2">rdamedia</subfield></datafield><datafield ind1=" " ind2=" " tag="338"><subfield code="a">volume</subfield><subfield code="2">rdacarrier</subfield></datafield><datafield ind1="1" ind2=" " tag="362"><subfield code="a">Began with November 12, 1919; ceased with March 28, 2001.</subfield></datafield><datafield ind1=" " ind2=" " tag="515"><subfield code="a">Issues for March 21 and March 28, 2001 are both designated as v. 131, no. 25.</subfield></datafield><datafield ind1=" " ind2=" " tag="530"><subfield code="a">Archived issues are available in digital format from the Library of Congress Chronicling America online collection.</subfield></datafield><datafield ind1=" " ind2=" " tag="580"><subfield code="a">Merged with: Lexington County chronicle, to form: Lexington County chronicle &amp; the dispatch-news.</subfield></datafield><datafield ind1=" " ind2=" " tag="588"><subfield code="a">Description based on: Volume Number 50, Number 3 (November 12, 1919); title from masthead.</subfield></datafield><datafield ind1=" " ind2=" " tag="588"><subfield code="a">Latest issue consulted: March 28, 2001.</subfield></datafield><datafield ind1=" " ind2="0" tag="651"><subfield code="a">Lexington (S.C.)</subfield><subfield code="v">Newspapers.</subfield></datafield><datafield ind1=" " ind2="0" tag="651"><subfield code="a">Lexington County (S.C.)</subfield><subfield code="v">Newspapers.</subfield></datafield><datafield ind1=" " ind2="7" tag="651"><subfield code="a">South Carolina</subfield><subfield code="z">Lexington</subfield><subfield code="2">fast</subfield><subfield code="0">(OCoLC)fst01224129</subfield></datafield><datafield ind1=" " ind2="7" tag="651"><subfield code="a">South Carolina</subfield><subfield code="z">Lexington County.</subfield><subfield code="2">fast</subfield><subfield code="0">(OCoLC)fst01207422</subfield></datafield><datafield ind1=" " ind2="7" tag="655"><subfield code="a">Newspapers.</subfield><subfield code="2">fast</subfield><subfield code="0">(OCoLC)fst01423814</subfield></datafield><datafield ind1=" " ind2=" " tag="752"><subfield code="a">United States</subfield><subfield code="b">South Carolina</subfield><subfield code="c">Lexington</subfield><subfield code="d">Lexington.</subfield></datafield><datafield ind1="0" ind2="8" tag="776"><subfield code="i">Online version</subfield><subfield code="t">Dispatch-news (Lexington, S.C.)</subfield><subfield code="x">2379-6138</subfield><subfield code="w">(DLC)  2015218791</subfield><subfield code="w">(OCoLC)233144496</subfield></datafield><datafield ind1="0" ind2="0" tag="780"><subfield code="t">Lexington dispatch-news</subfield><subfield code="x">2379-6170</subfield><subfield code="w">(DLC)sn 92065503</subfield><subfield code="w">(OCoLC)25614720</subfield></datafield><datafield ind1="1" ind2="7" tag="785"><subfield code="t">Lexington County chronicle</subfield><subfield code="w">(DLC)sn 93067764</subfield><subfield code="w">(OCoLC)28173616</subfield></datafield><datafield ind1="1" ind2="7" tag="785"><subfield code="t">Lexington County chronicle &amp; the dispatch-news</subfield><subfield code="w">(DLC)  2012271282</subfield><subfield code="w">(OCoLC)46980636</subfield></datafield><datafield ind1="4" ind2="1" tag="856"><subfield code="u">http://www.loc.gov/chroniclingamerica/lccn/sn86063761/issues</subfield></datafield><datafield ind1="1" ind2=" " tag="029"><subfield code="a">AU@</subfield><subfield code="b">000025815646</subfield></datafield></record>